@article {boapackage,
    AUTHOR = {Smith, Brian J.},
     TITLE = {boa: An {R} package for {MCMC} output convergence assessment and posterior inference},
   JOURNAL = {Journal of Statistical Software},
  FJOURNAL = {Journal of Statistical Software},
    VOLUME = {21},
      YEAR = {2007},
    NUMBER = {11},
     PAGES = {1--37},
}

@article {diagnosticsreview,
    AUTHOR = {Cowles, Mary Kathryn and Carlin, Bradley P.},
     TITLE = {Markov chain {M}onte {C}arlo convergence diagnostics: a
              comparative review},
   JOURNAL = {J. Amer. Statist. Assoc.},
  FJOURNAL = {Journal of the American Statistical Association},
    VOLUME = {91},
      YEAR = {1996},
    NUMBER = {434},
     PAGES = {883--904},
      ISSN = {0162-1459},
     CODEN = {JSTNAL},
   MRCLASS = {60J10 (62F15 65C05)},
  MRNUMBER = {1395755},
       DOI = {10.2307/2291683},
       URL = {http://dx.doi.org/10.2307/2291683},
}

@incollection {geweke,
    AUTHOR = {Geweke, John},
     TITLE = {Evaluating the accuracy of sampling-based approaches to the
              calculation of posterior moments},
 BOOKTITLE = {Bayesian statistics, 4 ({P}e\~n\'\i scola, 1991)},
     PAGES = {169--193},
 PUBLISHER = {Oxford Univ. Press, New York},
      YEAR = {1992},
   MRCLASS = {62F15},
  MRNUMBER = {1380276},
}
@article {strauss,
    AUTHOR = {Strauss, David J.},
     TITLE = {A model for clustering},
   JOURNAL = {Biometrika},
  FJOURNAL = {Biometrika},
    VOLUME = {62},
      YEAR = {1975},
    NUMBER = {2},
     PAGES = {467--475},
      ISSN = {0006-3444},
   MRCLASS = {60D05},
  MRNUMBER = {0383493 (52 \#4374)},
MRREVIEWER = {Donald A. Dawson},
}
@book {bayesian,
	AUTHOR = {Gelman, Andrew and Carlin, John B. and Stern, Hal S. and
	Rubin, Donald B.},
	TITLE = {Bayesian data analysis},
	SERIES = {Texts in Statistical Science Series},
	PUBLISHER = {Chapman \& Hall, London},
	YEAR = {1995},
	PAGES = {xx+526},
	ISBN = {0-412-03991-5},
	MRCLASS = {62F15},
	MRNUMBER = {1385925 (97c:62059)},
}

@article {BognarPIPP,
    AUTHOR = {Bognar, Matthew A. and Cowles, Mary Kathryn},
     TITLE = {Bayesian inference for pairwise interacting point processes},
   JOURNAL = {Stat. Comput.},
  FJOURNAL = {Statistics and Computing},
    VOLUME = {14},
      YEAR = {2004},
    NUMBER = {2},
     PAGES = {109--117},
      ISSN = {0960-3174},
     CODEN = {STACE3},
   MRCLASS = {Database Expansion Item},
  MRNUMBER = {2037941},
       DOI = {10.1023/B:STCO.0000021409.73461.b9},
       URL = {http://dx.doi.org.proxy.lib.uiowa.edu/10.1023/B:STCO.0000021409.73461.b9},
}

@Unpublished{ID,
	author = {author},
	title = {title},
	note = {note},
	OPTkey = {key},
	OPTmonth = {month},
	OPTyear = {year},
	OPTannote = {annote},
}
